2925 4534
567 471 944 530 ΗΑΕΜΤῙΟ.

308 605 441 694 eorum
458 605 610 717 gratiam
633 593 825 720 roauur's
850 593 1034 693 ururr'cr
1057 594 1200 689 alm

192 763 202 776 ·-
306 715 556 822 plenissrmum
576 715 757 811 indicem,
783 742 861 819 quo
888 712 1013 790 omnia
1035 707 1114 786 fere
1139 734 1204 783 vm

308 816 435 894 cabula
450 816 601 996 coipiose
617 817 857 908 illustrantur,
872 811 1129 910 adiiciendum
1139 833 1204 912 pu·

209 1007 212 1017 ⁸
284 939 285 944 ’
309 917 397 995 tani.
427 918 486 994 De
502 915 605 1022 cripfi
616 929 704 996 eum
716 938 1046 997 exauvraucuo
1063 915 1204 1013 Argen-

191 1097 194 1104 ,
312 1017 425 1096 torati
437 1020 543 1096 'anno
562 1020 675 1098 tertio
697 1042 738 1097 et
758 1016 974 1121 sexagefimo
994 1013 1123 1091 saeculi
1142 1010 1204 1085 de-

216 1191 218 1196 .
310 1116 401 1197 'cimi
421 1116 564 1224 septimi
581 1119 697 1200 edito.
744 1125 840 1202 Non
859 1118 995 1219 vbique
1010 1115 1067 1192 illa
1083 1135 1204 1190 exem·

312 1219 424 1327 plaria
451 1220 560 1297 obuia
584 1219 677 1319 esse,
698 1220 758 1299 vel
782 1221 870 1312 inde
895 1216 1077 1308 conjicio,
1129 1209 1204 1289 uod

313 1343 355 1397 et
374 1322 602 1399 recentiores
628 1322 773 1400 dehoc
795 1322 919 1399 indice
942 1337 1066 1395 tacent
1088 1342 1109 1392 e
1139 1314 1204 1390 'to-

313 1445 394 1518 res‚
422 1447 494 1499 nec
520 1424 597 1502 eius
617 1425 852 1502 mentionem
873 1420 962 1501 facit
982 1409 1204 1519 diligentisfi-

315 1546 399 1600 mus
419 1546 674 1616 rusurcrvs,
700 1552 816 1628 quum
834 1526 876 1601 in
891 1522 1025 1626 quinto
1040 1520 1138 1596 libro
1150 1513 1204 1593 Bi-

314 1622 524 1702 bliothecae
537 1624 707 1704 Graecae
722 1652 831 1703 oras
854 1648 1085 1713 ursvcuu,
1098 1640 1204 1722 quem

314 1741 443 1803 tamen
466 1726 583 1827 longo
610 1727 693 1831 post
714 1726 751 1806 se
778 1726 894 1832 spatio
918 1722 1093 1826 relinquit
1111 1742 1204 1796 aaa·

230 1905 233 1925 ,
315 1849 435 1925 rrvs,
457 1826 621 1905 indicem
643 1829 685 1906 in
712 1851 1015 1907 arurarcuvm
1045 1843 1204 1900 comme·

220 1983 223 1998 .
313 1926 505 2007 morasset.
569 1931 768 2029 ‘Quoniam
787 1955 879 2007 vero
899 1929 941 2006 in
962 1919 1204 2003 construendc

317 2028 445 2108 indice
457 2027 522 2107 suo
544 2057 727 2109 rarrrvs
751 2056 927 2107 numeros
945 2027 1119 2128 sequutus
1137 2040 1204 2098 erat

226 2138 229 2142 ’
317 2127 484 2207 diuersos
507 2130 643 2225 abiis,
683 2132 748 2235 qui
779 2130 911 2209 scholis
938 2130 1050 2231 vulgo
1071 2135 1201 2226 recep't

264 2257 267 2266 ·
318 2225 362 2310 in
378 2231 509 2309 nostris
521 2257 673 2334 quoque
692 2233 961 2336 exemplaribus
978 2227 1107 2307 seruati
1120 2225 1204 2302 sunt

234 2385 236 2390 ,
317 2341 498 2438 'perquam
518 2333 714 2412 molestum
731 2334 897 2411 laborem
917 2330 1109 2420 exantlaui,
1124 2326 1204 2403 dun

320 2433 545 2535 smgulorum
578 2435 845 2517 vocabulorum
875 2434 1003 2530 sedes,
1048 2427 1204 2536 ,quoties

205 2559 208 2565 ·
319 2557 483 2637 cumque
503 2536 544 2615 in
561 2534 657 2613 libro
675 2546 929 2616 arv‘rarcsrr
953 2536 1141 2636 leguntur,
1161 2528 1204 2604 in-

316 2633 552 2737 uestigandae
596 2639 763 2741 nouique
803 2638 948 2714 numeri
975 2628 1204 2712 'rescribend

318 2735 483 2817 fuerunt.
540 2738 585 2816 In
607 2738 682 2817 hoc
702 2741 861 2842 'negotio
881 2740 931 2817 ita
950 2735 1108 2814 versatus
1127 2729 1204 2807 sum

211 2922 221 2942 x
319 2861 366 2916 vt
392 2838 494 2948 fimul
518 2840 735 2919 innumeros
763 2867 907 2919 errores
930 2839 971 2916 in
999 2838 1064 2914 illo
1090 2832 1204 2910 indic<

212 2989 216 2998 ·
322 2940 459 3018 obuios
485 2942 618 3043 partim
638 2939 837 3040 addendo,
871 2940 1011 3046 partim
1040 2937 1204 3015 omittem

211 3108 215 3131 ,
321 3040 396 3133 du,
419 3044 551 3145 partim
571 3046 751 3121 mutando
771 3044 985 3122 sustulerim.
1042 3042 1108 3140 'Et
1128 3059 1204 3138 pro·

213 3221 216 3236 ,
322 3143 532 3247 pemodum
554 3146 744 3248 poenituit
766 3172 857 3242 me,
892 3142 996 3246 quod
1020 3166 1099 3218 non
1121 3134 1204 3215 indi

247 3310 269 3322 ,.
320 3270 409 3326 cem
422 3273 565 3325 nouum
578 3247 765 3328 conficere
777 3249 939 3326 animum
951 3243 1092 3335 induxi,
1102 3263 1204 3343 quun

319 3352 509 3449 quianon
526 3349 663 3427 maiore
685 3377 800 3454 opera
823 3348 903 3427 fieri
924 3343 1115 3454 potuisset,
1135 3363 1204 3430 tun

322 3451 409 3550 quia
430 3450 706 3554 praeuidebam·‚
757 3453 928 3555 lerosque
944 3472 1076 3527 omnes
1091 3466 1203 3519 emen

319 3551 518 3631 dationum
540 3580 559 3630 a
586 3579 648 3631 me
677 3553 712 3631 fa
749 3581 850 3632 arum
874 3556 1132 3638 immemores,
1160 3570 1202 3621 ea

316 3677 482 3774 ¹rumque
508 3654 750 3762 plurimarum
776 3683 826 3738 ne
853 3655 1022 3739 conscios
1054 3649 1204 3828 quidem?

313 3797 319 3804 ·
352 3814 355 3824 ι
1091 3772 1166 3832 cun
