2925 4534
593 447 914 558 banniario

301 620 394 701 mihi
422 599 533 691 licere
564 612 755 699 arbitratus
785 613 885 718 sum,
917 639 1072 717 eamque
1103 620 1149 696 ini

300 748 403 825 gram
411 757 425 817 ,-
458 707 602 893 ‹pualem
625 713 770 814 accepi,
792 715 971 815 exhibeo,
994 725 1103 796 etiam
1126 724 1149 797 il

300 827 415 919 locis,
441 840 466 895 v
492 807 1149 897 isententiams.r.navuiuu1e

203 919 207 926 ’
300 922 450 1003 lendere
473 943 553 994 non
576 910 700 993 ausim:
778 909 867 994 Hoc
895 916 981 996 ideo
1005 920 1097 997 mihi
1122 923 1148 998 h

300 1029 389 1107 loco
419 1014 668 1124 profitendum
698 1014 796 1117 fuit,
842 1039 891 1095 ne
922 1012 1108 1099 socordiae
1136 1051 1149 1098 1

301 1141 475 1230 arguant,
502 1127 566 1222 qui
588 1119 756 1199 Latinam
785 1118 1126 1227 interpretationem

300 1219 596 1316 adnotationibus
621 1227 711 1320 meis
734 1247 815 1300 non
840 1222 1030 1323 nunquam
1061 1223 1150 1303 discr

222 1331 228 1346 ”
298 1356 385 1510 pare
408 1322 707 1404 animaduerterit.
767 1317 894 1404 Eidem
917 1329 1000 1402 viro
1024 1327 1147 1404 liberal

315 1457 393 1511 imo
409 1436 519 1507 etiam
540 1423 616 1501 hoc
638 1423 792 1501 nomine
815 1427 965 1527 gratita
982 1446 1042 1503 me
1058 1418 1150 1505 habe

300 1536 346 1614 da
368 1530 438 1630 est,
474 1517 575 1629 quod
590 1549 738 1602 mecum
761 1530 1051 1622 communicauit
1070 1552 1150 1607 exer

299 1639 377 1744 plar
393 1635 654 1722 aivanncn'r
670 1623 808 1732 Lipsiae
824 1651 923 1710 anno
939 1631 1048 1708 huius
1064 1627 1151 1708 sato

300 1745 431 1843 quinto
463 1751 550 1808 cura
581 1754 685 1805 oaut
712 1754 933 1829 nasvcnar
953 1734 1151 1834 publicatur

198 1845 212 1876 ·’
300 1848 362 1930 cui
384 1833 496 1915 adseri
520 1825 612 1907 serat
633 1822 706 1931 ipse
729 1855 1010 1930 navuauuvs
1025 1855 1151 1935 magna

180 1942 185 1950 ’
290 1949 445 2045 ‘copiam
461 1860 741 2013 adlaetationum
757 1920 1085 2014 eruditislimarum.
1113 1938 1151 2011 H

301 2053 386 2146 quia
420 2064 500 2116 non
542 2058 673 2112 omnes
715 2032 898 2132 ultimam*
923 2038 1045 2114 limam
1078 2036 1151 2140 pali

255 2169 261 2188 ¹
298 2163 422 2243 erant,
449 2163 508 2215 eas
531 2153 695 2234 tantum,
722 2158 814 2238 quae
837 2134 1018 2236 absolutae
1044 2161 1087 2215 ac
1114 2166 1152 2240 pe

281 2247 413 2329 ledae
444 2232 680 2337 videbantur,
724 2255 761 2315 et
791 2236 1016 2339 potiffimum
1039 2238 1152 2318 &critic

298 2345 595 2438 emendationes,
626 2338 745 2461 delegi
767 2341 949 2443 nouisque
980 2337 1152 2443 exemplat

298 2454 367 2532 bus
390 2446 534 2525 inserui.
614 2442 762 2543 Saepius
786 2443 932 2541 quidem
963 2440 1002 2519 in
1026 2437 1152 2522 obsera

189 2593 194 2610 ·
265 2645 268 2650 ,
298 2553 463 2636 tionibus
494 2545 586 2620 meis
617 2547 688 2620 viri
719 2552 843 2643 magni
872 2535 1087 2634 sententiam
1110 2563 1150 2621 re

298 2658 364 2758 qui
387 2673 424 2731 et
446 2657 486 2728 in
516 2646 584 2737 alia
608 2652 739 2746 omnia
769 2640 929 2746 discessi,
971 2659 1115 2732 tantum
1143 2660 1153 2724 l

297 2756 542 2858 menaberat,
559 2767 602 2824 vt
617 2744 732 2848 ipsum
753 2740 823 2823 hac
846 2748 1009 2847 libertate
1040 2773 1122 2824 mea
1138 2775 1153 2825 t

188 2900 197 2926 2
297 2849 441 2946 tensum
456 2858 501 2929 iri
516 2867 693 2951 putarem,
711 2867 754 2926 vt
769 2855 892 2949 potius
909 2848 957 2927 ob
973 2850 1069 2927 hanc
1084 2848 1153 2951 ipsa

184 2997 189 3008 ·
295 2971 347 3041 im
362 2952 492 3037 'ensius
526 2976 613 3027 eum
645 2948 832 3026 fauturum
873 2952 966 3026 mihi
1006 2951 1153 3053 sperare]

296 2988 483 3159 Adeoque
506 3075 566 3128 me
589 3036 652 3125 ista
674 3041 753 3153 spes
777 3077 856 3128 non
883 3051 1031 3149 fefellit,
1058 3068 1101 3130 vt
1116 3054 1152 3155 pl

295 3165 396 3244 ribus
422 3152 580 3259 epistolis
604 3140 648 3227 acl
678 3178 738 3227 me
769 3151 908 3255 scriptis
940 3152 1075 3230 fadum
1114 3171 1116 3175 ‘

295 3267 457 3358 bauerit‚
482 3274 538 3353 et,
570 3278 662 3352 quae
679 3241 729 3329 est
746 3255 963 3331 venerabilis
986 3253 1080 3332 senis
1108 3179 1154 3330 la<

226 3380 231 3390 ‘
296 3369 399 3463 litas,
425 3364 525 3438 leues
549 3349 614 3430 has
637 3379 737 3430 meas
760 3379 1038 3435 PLVTARCHO
1055 3356 1154 3433 adhil

293 3487 352 3552 ,tas
367 3488 472 3543 curas
489 3456 652 3534 laudibus
675 3455 871 3535 ornauerit·
918 3523 921 3530 .

377 3564 458 3645 Nec
492 3553 636 3662 polium
669 3564 800 3634 tacitus
835 3560 1028 3660 praeterire
1058 3548 1152 3634 bene

299 3678 400 3761 aium
421 3673 493 3752 viri
515 3653 811 3764 excellentissimi
833 3681 945 3766 atque·
966 3654 1155 3740 eruditissu

1069 3786 1147 3839 toa
