2925 4534
327 419 947 530 oacraanouhnvcaneaan.
1056 458 1102 538 89

281 596 352 702 qui
371 616 514 676 norunt
531 580 644 673 vitam
659 593 808 676 ciuilem
825 596 1045 701 permiscere
1060 629 1102 683 et

265 705 486 804 [temperare
500 722 589 775 cum
603 693 836 801 philosophia
851 729 858 773 :
878 697 1105 807 duobusque

265 797 453 880 ssummis
480 799 589 876 bonis
610 797 782 875 existimo
804 799 938 900 potiri,
963 801 1102 886 seilicet

265 926 277 979 ι
297 900 343 979 in
359 899 550 1007 publicum
570 897 670 994 utili,
687 898 779 989 dum
796 924 930 978 munus
950 906 1101 1008 aliquod

265 1002 428 1096 aublicae
453 999 729 1095 administrant,
759 1020 799 1078 et
815 1000 894 1077 uita
913 1008 1104 1109 tranquilla

265 1097 414 1208 eraque,
423 1100 513 1181 dum
521 1101 675 1179 tradant
682 1098 966 1206 philohphiam.
974 1108 1104 1213 Qum
1218 1149 1220 1154 v

265 1202 476 1284 marianne
490 1202 587 1304 vitae
598 1228 749 1305 genera,
762 1227 878 1292 vnum
891 1204 933 1282 in
946 1210 1104 1310 agendo,
1228 1211 1230 1217 '

265 1331 363 1388 erum
380 1306 421 1382 in
442 1302 754 1408 contemplando,
785 1304 938 1388 tertium
953 1308 995 1385 in
1011 1337 1108 1414 ‚per--

265 1407 376 1486 endis
395 1405 646 1509 voluptatibus
671 1429 917 1508 occupatum3
942 1411 1007 1512 qui
1029 1435 1104 1490 ter-

265 1534 303 1586 m
332 1510 409 1586 hoc
433 1505 613 1611 sequitur,
645 1506 841 1586 dissolutus
870 1530 908 1586 et
935 1510 1103 1619 volupta-

265 1636 287 1688 n
308 1608 445 1702 seruus,
459 1608 658 1686 belluarum
675 1606 797 1685 similis
814 1607 1015 1714 abieslique
1029 1616 1107 1692 ani-

272 1710 346 1790 est:
364 1709 649 1816 contemplator,
662 1707 689 1785 sr
704 1706 909 1789 arsionibus
921 1714 1107 1816 abstineat,

265 1812 375 1892 uilis:
411 1811 521 1894 rebus
571 1810 718 1888 erendis
744 1808 913 1905 deditus,
942 1815 1105 1918 philoso-

265 1914 319 1992 iac
335 1937 483 2017 expers,
501 1936 546 1991 ru
575 1912 603 1989 ‘s
616 1912 720 1989 estet
734 1909 842 1990 facile
857 1911 1001 1994 labitur.
1032 1922 1107 1995 Pro

265 2014 349 2093 ibus
366 2013 479 2117 igitur
501 2011 720 2090 enitendum
740 2012 803 2105 est,
816 2035 857 2090 vt
873 2036 914 2091 et
933 2019 1109 2121 reipubli-

265 2114 549 2207 =inleruiamus,
570 2136 626 2206 et,
643 2134 823 2215 quantum
844 2117 939 2193 ratio
961 2141 1111 2225 tempo-

270 2214 373 2308 smit,
386 2210 639 2319 philosophiae
658 2238 730 2291 nos
750 2213 897 2315 demus.¹
942 2220 1109 2301 Huncin

265 2316 372 2397 »dum
390 2316 503 2395 vitam
523 2315 759 2395 instituerunt
778 2317 949 2415 Pericles,
965 2324 1111 2426 Archy·

1059 2419 1114 2503 tas
1216 2497 1221 2514 ,,

265 2607 279 2653 ν
297 2580 466 2651 πολιτικόν
485 2575 679 2667 dicit,'quem
691 2584 803 2650 Noster
812 2584 986 2673 venerenda
1004 2610 1111 2663 vocata

265 2666 473 2754 Φιλόσοφον,
487 2671 539 2750 qui
558 2670 718 2734 Plutarcho
738 2671 780 2735 est
798 2670 1000 2763 θεωρητικός.
1022 2678 1112 2741 Conf.
1214 2727 1216 2734 .

265 2757 354 2820 edem
370 2756 464 2818 Etbic.
479 2755 653 2819 Nicomach.
666 2756 718 2817 lib.
730 2758 859 2837 ΜΗ.

278 2834 420 2930 godaim]
442 2842 484 2903 Ex
498 2826 1112 2924 sententiaPhilosophilib.hEth.Nicbm.

268 2975 275 2990 .
296 2927 330 2993 oi
345 2923 453 2992 nahai
473 2924 525 3008 [de
539 2926 647 3007 qulbus
661 2944 733 2989 ante
751 2927 879 3000 dixerat,
897 2917 948 2995 ὅτι
969 2931 1025 2997 τόν
1043 2923 1113 3009 dibi

265 3008 368 3078 κπῶσι
394 3008 450 3076 τᾶν
475 3006 697 3096 daunenstade]
717 3010 886 3089 παντελεῖς
911 3008 1112 3108 ἀνδραποδώ-

265 3120 278 3174 ς
296 3092 486 3182 spatiemur,
498 3088 716 3185 Ιβοσκημάτοὶν
733 3090 802 3177 βίον
820 3121 847 3162 ar
882 3097 1048 3191 aegipanas.

280 3202 320 3244 ιι.
341 3173 414 3248 alato
433 3178 528 3265 Arion]
554 3181 636 3257 hui,
648 3201 680 3245 et
699 3184 731 3245 in
751 3184 796 3246 his
809 3185 841 3246 0
854 3183 1112 3269 ausHesychins:

265 3292 306 3345 ως
326 3263 419 3334 Δίων.
469 3267 594 3350 Legitur
612 3268 737 3347 quidem
755 3268 898 3352 particula
917 3264 1002 3349 ἕτως
1022 3277 1114 3339 etiam

265 3353 288 3417 >i
301 3371 375 3416 aute
387 3350 606 3416 consonantem
614 3354 762 3427 litteram,
782 3371 817 3416 vt
829 3355 909 3436 apud
921 3355 1062 3423 Nostrum
1075 3361 1115 3423 de

265 3460 373 3503 cnam.
383 3455 415 3500 et
428 3438 507 3501 adul.
513 3458 543 3521 p.
549 3459 597 3517 49.
603 3442 634 3504 B.
656 3430 743 3514 tiriae
755 3432 864 3521 «larda,
872 3460 906 3505 et
916 3444 988 3506 ibid.
996 3465 1022 3525 p.
1031 3437 1118 3521 50.AE

265 3545 308 3604 ως
321 3521 375 3613 τῷ
387 3514 467 3612 βίῳ,
481 3541 512 3585 et
525 3522 611 3606 saepe
624 3524 703 3607 apud
717 3525 805 3587 alios:
826 3528 901 3588 mihi
913 3527 1019 3591 tamen
1028 3533 1118 3594 Fran·
1213 3597 1215 3604 ,

265 3612 277 3675 Ξ
298 3610 480 3691 exemplaria
497 3607 555 3671 hoc
573 3610 643 3670 loco
662 3607 814 3685 deserere,
832 3612 1003 3694 praesertim
1022 3637 1119 3698 quum

265 3696 296 3761 n
317 3716 338 3759 e
358 3693 515 3770 codicibus
532 3693 806 3777 variantiaadferri
825 3699 974 3777 viderem,
991 3720 1119 3765 temera·

265 3802 297 3850 m
324 3780 496 3845 videbatur.

648 3868 650 3872 ¹
696 3864 758 3946 1³5
1010 3867 1123 3939 ἑκάτε-
