2925 4534
490 517 846 606 'r‘nrrparro

313 663 575 842 Nuncpaucis
598 663 861 769 exponendum
883 660 955 765 est,
980 689 1058 767 quo
1072 685 1135 745 me
1220 667 1236 745 ’.
1263 701 1265 706 ·

257 762 392 845 onfilio
415 793 436 842 a
482 766 586 843 hunc
600 767 734 845 librum
749 774 862 866 toties
876 774 1040 945 repetitis
1056 769 1134 847 'edi-

256 869 399 948 ionibus
415 869 660 969 vulgatum'et
667 874 708 945 in
750 867 910 945 mnibus'
927 868 1062 949 branis
1076 889 1134 949 ta-

257 978 359 1048 ernis
375 969 528 1047 obuium
544 962 668 1050 denuo
685 895 944 1074 publicandum
960 978 1134 1051 accinxe-
1233 981 1238 999 “

256 1081 314 1150 im.
377 1065 615 1151 Creberrimis
639 1071 835 1151 doeiorum
856 1078 1025 1150 virorum
1040 1094 1133 1175 que-
1155 1169 1157 1173 μ

256 1177 318 1253 elis
343 1192 384 1253 et
405 1172 483 1274 ipso
506 1166 582 1253 'vsu
605 1167 822 1273 didiceram,
844 1173 1041 1278 plerosque
1058 1196 1151 1276 eoa·
1178 1195 1180 1205 '

256 1302 336 1375 um,
365 1277 430 1377 qui
444 1274 519 1354 hoc
533 1271 707 1380 seriptum
729 1277 913 1453 arelitpuis
936 1295 1134 1355 meanz
1168 1301 1170 1305 ⁴
1193 1266 1199 1281 ’

260 1404 307 1456 nr
336 1369 519 1481 operibus·
531 1375 735 1479 seiuntbmr
757 1377 798 1454 in
812 1397 838 1456 v
854 1395 919 1454 um
933 1375 1132 1481 praecipue·

256 1480 442 1558 :bolarum
476 1477 688 1579 emiserant,
728 1479 822 1558 adeo
855 1484 1052 1584 imparatos
1085 1472 1133 1557 ad
1245 1486 1247 1493 '

256 1609 307 1661 ,oc
329 1588 526 1685 negotium
548 1578 752 1680 aceessrsse,
777 1600 821 1659 vt
836 1574 1131 1683 corruptnfimo-

255 1681 603 1785 nm“exemp}arium
628 1676 762 1760 menda
784 1679 917 1786 partim
938 1682 1130 1784 negligen-

255 1813 278 1863 a
285 1846 298 1886 ‚
324 1792 459 1889 partim
481 1784 621 1863 inscitia
643 1781 705 1863 sua
730 1785 969 1888 multiplicata
991 1787 1131 1864 nentis

255 1881 454 1967 erroribus
496 1893 537 1964 in
579 1881 827 1990 posteritatem
873 1898 1130 1989 propagarent

255 1986 389 2094 iperae·
418 1994 551 2068 retium
566 1993 679 2092 igitur
691 1985 882 2066 'faenum
898 2011 965 2063 me
980 1985 1129 2089 putaui,

271 2087 321 2170 ad
346 2088 375 2167 fi
401 2115 461 2169 em
497 2090 696 2169 meliorum
730 2089 903 2168 codicum
937 2088 1131 2168 emendata
1270 2123 1276 2140 ³

255 2201 340 2272 uius
354 2193 437 2278 libri
459 2193 677 2296 exemplaria
698 2186 821 2271 vibus
835 2185 1129 2271 adolescentulo*

255 2319 309 2374 rm
351 2314 576 2372 rocurarem.
822 2309 825 2315 ’
1244 2349 1246 2354 -

342 2394 583 2573 estipiavero
606 2382 782 2496 sequutus
806 2383 886 2470 sum
908 2390 950 2471 in
980 2380 1130 2471 edendo

255 2511 299 2579 >e
329 2518 408 2601 opu
425 2499 510 2576 culo
537 2497 776 2575 ommuni
802 2513 1056 2588 xrennom,
1089 2509 1131 2573 et

255 2628 308 2679 ro
337 2595 525 2701 exemplar
550 2616 705 2700 opernm
733 2601 998 2675 terranem
1024 2617 1129 2673 anno
1241 2650 1252 2678 ,
1287 2583 1291 2596 ’

255 2694 367 2780 eeuli
392 2699 525 2778 decimi
539 2698 681 2801 septimi
703 2691 881 2777 vicefimo
896 2695 1130 2777 Francorum
1163 2696 1166 2702 ’

254 2796 371 2881 litum
398 2799 557 2902 deserui,
583 2799 694 2901 idque
719 2802 867 2901 quoties
890 2795 1028 2878 fanum
1054 2795 1129 2900 est,

254 2903 340 2984 ties
359 2905 437 2982 eius
452 2909 508 2981 rei
521 2903 754 2981 mentionem
775 2900 849 2978 feci
862 2907 904 2977 in
918 2898 1127 2979 adnotatio·
1186 2900 1188 2908 ’

254 3007 346 3086 bus.
426 3007 501 3084 lam
524 3021 674 3107 quoque
695 3010 737 3079 in
760 3027 807 3081 eo
823 3013 943 3101 eram,
967 3020 1011 3080 vt
1024 3002 1127 3081 Lati-
1227 2995 1237 3014 ⁹

254 3128 312 3186 tm
367 3105 707 3210 interpretationem
759 3097 833 3208 ipse
885 3100 1126 3203 elaborarem,
1252 3127 1254 3132 ·

254 3207 344 3287 mim
370 3208 472 3288 vitro
498 3207 591 3285 mihi
616 3202 777 3285 submisit
802 3209 862 3283 vir
886 3200 1129 3283 humanitatis
1217 3244 1219 3248 ·
1286 3241 1289 3247 ·

254 3311 361 3391 ariter
376 3329 485 3414 atque
508 3307 722 3388 eruditionis
738 3304 844 3386 laude
867 3304 1131 3383 celeberrimus

254 3429 616 3502 rrnrsromronvs
644 3426 886 3489 nvovsrrs
916 3426 1151 3485 navarra--

258 3537 307 3590 vs
334 3513 677 3616 interpretationem
702 3525 939 3590 xrnnnnrr
965 3525 987 3586 a
1012 3504 1049 3584 se
1075 3509 1127 3585 ita

254 3616 482 3718 rterpolatam
497 3632 605 3715 atque
621 3605 866 3690 emendatam-
886 3625 931 3706 vt
944 3608 1005 3687 ilia
1017 3608 1128 3712 plane

254 3737 324 3798 oua
349 3722 489 3818 merito
512 3715 631 3799 viden
655 3712 795 3812 debeat.
854 3670 1018 3796 innam
1031 3704 1147 3897 iffi
