2925 4534
365 440 1057 542 o'atrationrovcantpvau.
1116 449 1181 546 14'9

280 623 285 634 '
413 689 416 694 ,
537 604 715 686 CAP.⁴
771 606 1018 688 XVII.
1087 637 1100 678 1
1174 685 1176 690 .

282 732 338 908 ln
360 732 572 823 uniuersum
591 760 683 814 vero
707 735 887 813 malorum
908 734 1178 817 consuetudine

322 836 773 940 hominumprohibendi
795 833 877 916 sunt
896 838 1013 951 pueri.
1072 842 1175 924 Nam
1206 907 1216 915 ,,

283 934 462 1014 affiicatur
483 936 562 1014 illis·
587 937 725 1040 aliquid
755 936 844 1013 inde
877 935 969 1018 vrtii.
1044 941 1174 1054 Atque

279 1036 724 1141 idean-‘hot-Pythagoras
743 1036 813 1115 suis
836 1036 1028 1141 praecepit
1049 1063 1172 1143 aerug-

271 1137 446 1244 'matibuu
461 1163 555 1242 quae
569 1164 640 1241 ego
653 1137 832 1215 adducam
843 1160 953 1241 atque
965 1138 1173 1242 explicaboa
1210 1161 1216 1173 ’

275 1261 353 1318 non
372 1238 571 1317 minimum
584 1240 725 1346 quippe
748 1260 983 1318 momentum
1002 1240 1043 1317 in
1056 1240 1173 1319 virtu«
1223 1317 1234 1334 ,

269 1340 316 1418 tis
337 1337 464 1419 studio
487 1340 667 1420 habentia.
735 1343 791 1420 En
812 1365 928 1419 vnum
951 1362 1061 1444 atque
1081 1342 1171 1419 alte·

267 1444 379 1520 mm!
420 1441 476 1517 Na
492 1440 642 1541 vescaris
662 1441 877 1538 mesanum,
902 1442 979 1522 hoc
998 1440 1068 1534 est,
1087 1442 1168 1524 noli

265 1540 496 1632 familiariter
521 1542 576 1646 vti
599 1545 814 1621 hominibus
835 1547 886 1620 ob
913 1543 1085 1622 malitiam
1109 1543 1167 1621 ni·

265 1645 355 1746 gris.
403 1642 583 1722 stateram
608 1671 650 1720 ne
669 1650 710 1720 -in
736 1644 886 1720 alteram
899 1660 1044 1750 partem
1063 1645 1164 1721 incli-

265 1767 348 1842 nes,
360 1744 438 1828 hoc.
456 1745 526 1838 est,
543 1746 737 1836 maximam
757 1745 894 1823 habeto
912 1746 1094 1844 rationem
1110 1747 1165 1824 iu·

267 1847 403 1940 stiriae,
427 1871 551 1949 neque
567 1846 647 1926 eius
667 1845 759 1926 fines
778 1843 946 1926 transito.
1001 1844 1165 1924 Choenici

269 1971 312 2023 ne
331 1945 492 2049 infidias,
506 1945 582 2025 hoc
600 1949 668 2041 est,
684 1946 771 2050 fuge
788 1947 989 2050 ignauiam,
1014 1972 1056 2023 ac
1075 1971 1166 2050 pro-

266 2046 366 2152 spice
385 2047 436 2135 de
457 2046 658 2126 necessario
678 2049 786 2127 vitiu.
843 2047 931 2123 Non
949 2051 1064 2123 cuiuis
1078 2063 1162 2147 por-

267 2152 367 2252 rigas
379 2148 569 2243 dextram,
581 2150 657 2227 hoc
675 2150 744 2241 est,
760 2169 840 2225 non
857 2169 999 2226 temere
1015 2169 1163 2225 contra-

269 2249 387 2330 henda
404 2247 572 2330 amicitia.
629 2252 834 2351 Angustum
853 2249 1025 2325 antrulttm
1045 2274 1088 2324 ne
1101 2251 1162 2352 gef-

267 2353 331 2450 βα,
352 2350 393 2430 id
413 2351 481 2448 est,
500 2349 606 2448 vitae·
613 2376 729 2453 genus
747 2347 1074 2446 lbemm'seuare,
1088 2373 1161 2464 net

406 2483 410 2502 =
1078 2475 1160 2542 vm,-

327 2651 353 2705 8.
374 2632 431 2703 τδν
450 2629 518 2715 βίον
538 2627 745 2720 ἐπιτηδεύειν]
778 2634 857 2699 Mihi
875 2633 1159 2718 videtur-meudun

268 2721 360 2786 inesse
371 2726 406 2786 in
418 2724 473 2786 hac
483 2742 569 2787 voce.
595 2726 646 2785 An
658 2726 737 2785 sorte
751 2720 939 2784 scribendum
953 2709 1158 2803 t'm‘ynSt'eav?

268 2825 379 2870 utun.
425 2810 521 2870 Olaus
538 2809 706 2892 Hesychius
725 2827 744 2869 e
763 2810 868 2870 codiee
887 2807 1029 2875 Vuloolni
1053 2805 1158 2887 legen-

265 2894 334 2956 tium
348 2893 451 2958 censet
464 2892 521 2959 τὸν
541 2886 608 2969 βίον
630 2886 797 2983 ἐλεύθερον
818 2884 944 2968 intrati.
976 2889 1156 2971 suffragan-

265 2993 311 3040 tur
332 2977 403 3042 huic
420 2978 580 3060 scripturae
597 2996 664 3040 tres·
675 2978 762 3040 codd.
782 2975 866 3040 Voss.
879 2981 912 3038 in
925 2974 1038 3043 schedis
1052 2977 1156 3056 Celeia

265 3063 385 3136 Wolfii,
410 3065 597 3144 eandemque
617 3063 706 3124 vnice
724 3081 824 3125 veram
843 3063 954 3124 iudico.
1008 3060 1156 3142 Praecipit

265 3147 462 3229 Pythagoras,
497 3149 608 3211 liberae
626 3164 717 3228 atque
736 3147 849 3210 otiosae
868 3147 948 3208 virae
965 3143 1155 3226 studendum.

265 3232 450 3314 Pythagorici
468 3234 550 3296 enim
568 3252 655 3314 agere
674 3237 833 3312 negotium
851 3229 1024 3312 publicum,
1036 3230 1154 3293 iudiciis

265 3335 294 3380 et
303 3318 433 3384 consiliis
447 3317 573 3401 publicis
587 3317 751 3399 priuatisue
764 3315 921 3390 interesse,
937 3315 1096 3397 indignum
1107 3316 1155 3392 iu·

265 3401 399 3468 dicabant
411 3403 527 3467 homini
540 3399 743 3486 philosophiae
760 3400 879 3473 dedito,
899 3419 991 3480 quem
1003 3400 1057 3462 fibi
1069 3402 1155 3468 viue-

265 3506 294 3548 re
308 3504 343 3550 et
362 3489 522 3571 sapientiae
541 3489 638 3552 solum
655 3505 758 3549 vacare
775 3487 926 3549 volebant
969 3484 1039 3547 Vid.
1053 3484 1156 3556 salef·

265 3572 341 3636 ferus
355 3573 395 3636 <le
406 3573 514 3638 Philus.
521 3574 586 3637 Ital.
593 3569 776 3654 cap.Vlls.p.
784 3575 825 3649 oa
834 3588 866 3634 et
878 3570 957 3652 seqq.
979 3570 1068 3633 Confi
1075 3570 1155 3653 Rap'·

265 3658 363 3740 polrus
375 3659 413 3721 ad
426 3660 532 3723 Horat.
550 3680 580 3741 p.
590 3664 652 3734 465.

323 3740 377 3830 nui
397 3737 529 3831 piritio]
550 3746 606 3810 Pro
620 3736 963 3892 Saiv‚31(uodlritlocum
972 3738 1080 3805 habere
1092 3758 1158 3888 nili

748 3849 762 3908 ³
1060 3840 1115 3911 pot
