2925 4534
490 480 869 534 PRAEFA'MOE

186 601 196 734 l
228 643 417 700 tonitrus
462 632 722 706 curtismunt
759 641 918 706 wotrn
940 614 1130 698 Hambu·

193 741 198 778 ¹
228 722 342 825 gensis
359 713 549 823 Gymnalri
567 718 787 824 professoris
801 719 1048 813 celeberrimi,
1061 719 1130 823 qui

196 813 199 834 ¹
230 825 284 902 lira
308 847 428 900 manu
441 820 638 924 descriptas
655 819 832 899 ledliones
856 820 1042 898 variorum
1061 839 1142 906 coz,

231 925 355 1002 dicum
377 949 488 1002 manu
506 944 739 1000 exaratorum
759 921 804 997 ad
826 947 887 997 me
907 921 1019 1015 misit,
1035 947 1128 1025 quas

185 1152 196 1200 r
231 1126 349 1219 ltibui,
365 1150 572 1230 omnesque
588 1150 659 1201 vna
675 1124 948 1223 cum.iis‚.quae
964 1127 1131 1202 Franco-⁴

184 1273 196 1288 ·
229 1226 410 1307 lunenses
428 1225 594 1304 editores
615 1225 661 1302 ad
686 1224 826 1301 calcem
847 1249 1005 1325 operum
1030 1252 1126 1304 ην·

185 1376 207 1402 -.
230 1354 399 1409 rancor
421 1327 618 1422 exhibent,
640 1326 780 1402 nostris
798 1327 1131 1441 exemplaribusin'

184 1477 191 1494 ·
228 1429 302 1507 fine
321 1428 485 1507 adiunxi.
533 1429 610 1504 Has
631 1423 684 1512 fin
747 1427 777 1502 is
794 1427 935 1530 paginis
956 1427 1130 1509 subiecisa

184 1580 188 1595 ·
229 1528 318 1623 lem,
338 1530 405 1607 nifi
421 1528 656 1632 typothetis,
710 1552 855 1604 e'noua
876 1529 1039 1608 molestia
1063 1533 1129 1626 fibi

192 1673 197 1692 ‹
228 1631 316 1710 inde
345 1654 534 1708 exoritura
564 1625 785 1731 grauisstme'
798 1632 1130 1734 conquerentibus,

189 1725 199 1918 p
228 1730 507 1848 gratificandum
538 1728 674 1808 fuisset.¹
717 1731 792 1808 ·Et
810 1729 963 1807 fortasse
985 1732 1130 1815 facilius¹

230 1836 311 1912 istae
342 1834 422 1912 hoe
474 1831 554 1912 silo
585 1828 745 1932 effugere
780 1854 960 1934 poterunt
993 1835 1130 1931 oculos

193 1953 200 1996 ἑ
230 1955 339 2037 atque
357 1959 432 2011 cen
447 1951 530 2011 uras
549 1931 784 2034 quorundam
806 1930 1003 2011 hominum
1025 1938 1130 2015 criti-a

232 2059 289 2113 tae
312 2035 402 2112 artis
410 2037 560 2132 ,immo
577 2033 748 2112 omniurn
771 2034 976 2113 studiorum
999 2038 1128 2116 huma·

183 2193 187 2206 .
231 2136 353 2216 nitatis
379 2161 422 2213 ac
447 2136 651 2213 litterarum
668 2135 898 2237 expertium,
921 2137 986 2239 qui
1002 2138 1043 2215 in
1064 2139 1130 2219 ad.

183 2271 198 2321 e
233 2234 414 2317 notandas
433 2235 595 2342 plurium
613 2234 846 2313 librariorum
862 2237 1055 2341 scripturas
1070 2240 1131 2321 fue

184 2309 215 2512 ,Ι
232 2339 363 2435 rilem,
389 2359 502 2440 atque
527 2336 638 2418 etiarn
662 2335 734 2414 suis
758 2338 865 2441 nugis
888 2338 1140 2444 ineptiorem,

231 2440 395 2545 laborem
420 2437 555 2517 insumi
576 2435 767 2516 vociferat]
828 2496 839 2519 .
1116 2469 1127 2514 ς

183 2559 203 2623 'r-
301 2543 456 2619 Praeter
474 2539 539 2618 lias
556 2562 698 2634 autern,
723 2565 814 2643 quas
828 2540 924 2639 dixi,
941 2543 1130 2628 variorum

182 2678 204 2726 a
229 2641 410 2724 codicur'n
432 2639 624 2746 scripuras
650 2641 749 2719 nulla
771 2642 835 2719 alia
860 2644 952 2722 mihi
977 2646 1131 2734 ftrerurrt

182 2751 202 2825 l.
228 2743 406 2851 praesidia
419 2742 641 2822 emendandi
650 2742 806 2821 audloris
815 2744 1134 2852 nostrietquama
1152 2755 1155 2770 '

228 2871 343 3028 putum
356 2870 529 2948 magnum
545 2849 742 2921 numerum
753 2846 1027 2949 'exemplarium
1042 2850 1130 2955 post

185 1053 194 1099 ι
231 1026 266 1104 in
285 1023 590 1102 adnotationibus
614 1022 708 1099 meis
727 1048 810 1099 non
830 1022 904 1098 fine
925 1023 1044 1100 frudlu
1063 1024 1130 1102 ada
1227 1061 1230 1071 ·

211 2957 214 2966 '
254 2970 420 3028 ucentos
439 2971 557 3024 armos
569 2944 832 3048 impressorum
850 2947 1008 3028 studiose
1023 2976 1132 3028 com-
1169 3005 1182 3029 -.
1274 3049 1276 3056 Ι

213 3073 462 3156 ¹parauerarn,
474 3047 564 3142 nihil
580 3069 707 3123 tamen
724 3047 844 3125 inhis
863 3049 1009 3148 inueni,
1051 3049 1133 3133 uod

232 3149 392 3258 dignum
413 3147 771 3227 commemoratione
789 3150 988 3231 videretur.
1066 3155 1134 3234 ero

181 3266 189 3333 l
234 3251 361 3334 omnia
382 3250 424 3329 in
443 3250 618 3327 o'mnibus
640 3247 734 3327 locis
755 3248 962 3354 deprauatis
982 3254 1135 3360 oonspk

181 3367 203 3437 '1-
236 3375 334 3453 tant,
368 3374 411 3428 vt
436 3351 493 3429 illa
519 3377 568 3428 ex
589 3350 723 3428 iisdem
751 3352 945 3433 oodioibus
969 3354 1137 3436 deriutta

238 3454 307 3535 asse
330 3452 527 3558 agnoscas·
575 3477 765 3530 ova-ntur
785 3454 1009 3535 Veronensis
1021 3457 1138 3534 Latia

181 3555 205 3637 fi
240 3582 276 3637 na
297 3555 577 3661 interpretatio,
598 3579 707 3658 quarn
731 3557 872 3659 magnis
893 3558 1058 3637 laudibus
1075 3553 1135 3635 ef:

236 3658 302 3743 fert
322 3682 623 3754 retrusurus,
643 3655 769 3837 spgm,
788 3684 900 3763 quam
915 3658 965 3739 de
983 3681 1136 3738 erroro

181 3793 211 3846 s·
1022 3783 1133 3865 cepe·

182 3931 215 4217 j
326 4079 329 4086 .
