2925 4534
396 497 450 550 on
474 500 666 553 arnanotu
687 498 874 576 nuucar.
896 500 1035 567 cana.
1130 494 1168 570 ει

274 632 546 731 edissero‚illud
562 635 822 740 adiicio‚quod
839 638 1048 717 orationem
1061 667 1171 747 pror·
1220 648 1222 652 ’

272 735 322 818 ffis
342 738 575 817 uniformem
592 739 755 845 primum
777 764 850 843 pro
871 739 974 854 signo
996 768 1077 819 non
1094 745 1169 825 leui

270 838 478 943 imperitiae
494 840 665 918 habeam:
713 839 851 919 deinde
864 861 975 917 etiam
990 842 1165 939 iudicem,

265 957 347 1018 ¹eam
360 939 404 1017 in
420 940 641 1019 recitatione
657 939 841 1018 fastidium
859 965 989 1044 parere
1006 970 1078 1023 noc
1098 948 1164 1027 diu
1201 973 1204 979 ·

265 1039 373 1146 posse
406 1041 602 1121 auditores
635 1040 828 1122 retinere
883 1041 1035 1144 Vbique
1064 1050 1165 1126 enim

266 1141 375 1219 vnius
391 1143 534 1234 tenoris
552 1142 731 1220 cantilena
751 1140 952 1220 satietatem
974 1144 1109 1241 adfert,¹
1123 1170 1165 1227 et
1203 1152 1207 1167 '
1270 1147 1273 1151 ’

265 1242 412 1321 auribus
434 1244 553 1345 gratiis
576 1243 645 1320 est:
671 1243 824 1321 varietas
844 1265 975 1331 contra
997 1245 1163 1342 deleiiat

266 1365 306 1421 vt
333 1343 375 1421 in
403 1344 580 1425 omnibus
611 1341 688 1422 aliis
717 1344 791 1423 siue
816 1344 1067 1428 auditionibus
1089 1349 1164 1429 siue

265 1440 485 1549 speiiaculis,

505 1573 508 1578 ’
548 1594 735 1702 aar.
805 1594 854 1679 x.

358 1767 481 1825 terum
503 1745 593 1827 ferri
614 1769 695 1825 non
720 1768 894 1851 oportet,
920 1768 963 1824 vt
982 1772 1077 1850 puer
1101 1745 1161 1824 in-

349 1872 493 1951 genuus
511 1848 618 1926 ullius
633 1870 681 1926 ex
698 1846 956 1943 circularibus,
979 1874 1068 1950 quas
1091 1873 1160 1925 vo-

265 1969 366 2041 tam,
385 1946 585 2055 disciplinis
607 1946 710 2025 rudis
732 1969 968 2052 permaneat:
1012 1947 1073 2027 sed
1090 1948 1177 2025 hae·

271 2047 416 2151 quidem
434 2050 477 2128 in
499 2047 726 2142 transcursu,
751 2046 866 2128 veluti
890 2049 1012 2150 gustus
1038 2049 1159 2154 perci-

270 2149 391 2252 piendi
409 2150 521 2251 gratia
539 2147 756 2228 discendae:
794 2157 905 2247 (nam
922 2151 963 2227 in
982 2151 1158 2230 omnibus

267 2246 533 2432 Rerfeiiionem
555 2248 733 2353 consequi
752 2275 867 2329 nemo
885 2253 1009 2354 potest
1014 2252 1052 2349 ,>
1074 2251 1159 2355 phi-

296 2348 429 2458 iophia
448 2378 539 2463 vero¹
560 2350 736 2431 omnibus
758 2350 1018 2466 anteferenda:
1045 2378 1157 2455 quarn
1242 2392 1244 2398 ·

628 2481 631 2492 ·
1031 2480 1153 2532 meam

265 2650 393 2700 mem
411 2634 560 2699 adfinem
579 2652 675 2716 usqua
698 2633 903 2711 recitationis,
929 2633 980 2698 sei
998 2632 1105 2697 sensam
1124 2632 1157 2697 se
1198 2695 1204 2704 ,

265 2721 427 2784 iibducant
447 2737 479 2783 et
496 2720 679 2783 auditorium
698 2739 909 2802 oratoremque
921 2724 1060 2821 ineptum
1073 2720 1156 2783 dese·
1216 2717 1223 2736 ¹

265 2823 333 2870 ant.
378 2806 450 2869 Vid.
469 2824 545 2884 quae
559 2806 630 2868 alibi
642 2824 803 2868 oecumtnt
815 2805 854 2868 de
864 2806 1090 2868 recitationibus
1103 2824 1157 2867 ve-

265 2907 369 2954 terum.
394 2908 509 2955 nutat.
564 2892 634 2953 Hoc
652 2887 740 2953 sensu
758 2891 829 2971 quia
847 2911 957 2953 vocem
975 2886 1173 2975 aitrtm'ttouot'

265 2976 330 3038 tlibi
341 2976 407 3057 legi
420 2973 558 3040 nondum
572 2976 763 3038 obseruatum
776 2974 833 3049 est,
851 2976 1056 3037 Breslauiensts
1069 2977 1154 3038 Ano·

265 3079 369 3145 aymus
385 3059 525 3134 coniicit,
543 3052 772 3164 ἀνυπομόνητον
788 3060 953 3141 legendum
973 3058 1045 3122 esse.

323 3147 397 3226 Cap.
409 3145 444 3208 X.
459 3165 480 3206 t.
514 3138 683 3228 ἐνκνκλνον
708 3135 956 3232 παιδευμάτων]
991 3144 1155 3221 Quintilia·
1228 3153 1232 3162 '

265 3249 318 3296 mu
329 3229 388 3294 Li
410 3239 440 3294 ci
452 3252 492 3294 ιο.
511 3251 542 3292 n.
555 3251 579 3293 1:
609 3246 643 3295 νο
667 3230 804 3313 efficiatur
824 3231 903 3292 orbis
921 3231 976 3293 ille
994 3228 1155 3304 doetrinae,

265 3333 344 3466 &aa
366 3315 469 3416 §raca
493 3308 657 3400 ἐγκύκλιον
682 3305 827 3382 uatieiau
852 3332 962 3380 mant.
1015 3316 1098 3395 Lege
1115 3317 1154 3378 Α.

317 3419 378 3465 otta
392 3402 454 3465 obi
469 3402 588 3466 human.
601 3402 623 3464 l.
635 3400 675 3464 11.
688 3420 714 3464 c.
730 3421 751 3462 ι.
765 3418 798 3463 et
810 3420 887 3482 quoa
900 3401 1002 3464 laudat
1012 3400 1037 3464 1.
1050 3403 1088 3463 A.
1099 3400 1155 3461 Fa-

265 3483 371 3550 iricius
383 3487 423 3551 ati
434 3486 602 3552 Aristotelia
622 3479 774 3572 ἐγκύκλιοι
792 3486 813 3548 l.
827 3486 882 3549 111.
896 3485 973 3550 Bibl.
988 3486 1039 3550 Gr.
1051 3485 1154 3549 avil.

266 3585 468 3743 Maiiam]
496 3656 671 3722 Plutarchus
691 3655 724 3719 in
744 3654 910 3741 praeceptis
928 3653 1047 3737 eoniug.
1061 3673 1089 3738 p.
1102 3673 1157 3730 145.

269 3737 347 3844 stit,
358 3738 404 3830 μὴ
424 3740 558 3823 dimitat
577 3736 665 3833 ἔχειν
686 3736 878 3835 οἷςςολογοοος.

717 3866 743 3931 Β
992 3881 1017 3926 a.
1032 3850 1153 3953 ii'tnag
